@InProceedings{Gun14,
title="A Hybrid Approach for Credibility Detection in Twitter",
author="G{\"u}n, Alper
and Karag{\"o}z, P{\i}nar",
editor="Polycarpou, Marios
and de Carvalho, Andr{\'e} C. P. L. F.
and Pan, Jeng-Shyang
and Wo{\'{z}}niak, Micha{\l}
and Quintian, H{\'e}ctor
and Corchado, Emilio",
booktitle="Hybrid Artificial Intelligence Systems",
year="2014",
publisher="Springer International Publishing",
address="Cham",
pages="515--526",
isbn="978-3-319-07617-1"
}

@INPROCEEDINGS{Madhawa15,
title={A robust algorithm for determining the newsworthiness of microblogs},
author={P. K. K. Madhawa and A. S. Atukorale},
booktitle={2015 Fifteenth International Conference on Advances in ICT for Emerging Regions (ICTer)},
year={2015},
pages={135-139},
doi={10.1109/ICTER.2015.7377679},
month={Aug},}

@InProceedings{Noyunsan17,
title="Effects of the Inclusion of Non-newsworthy Messages in Credibility Assessment",
author="Noyunsan, Chaluemwut
and Katanyukul, Tatpong
and Leung, Carson K.
and Saikaew, Kanda Runapongsa",
editor="Sidorov, Grigori
and Herrera-Alc{\'a}ntara, Oscar",
booktitle="Advances in Computational Intelligence",
year="2017",
publisher="Springer International Publishing",
address="Cham",
pages="185--195",
isbn="978-3-319-62434-1"
}

@article{Noyunsan16,
title = {A Social Network Newsworthiness Filter Based on Topic Analysis},
author = {Chaluemwut Noyunsan and Tatpong Katanyukul and Yuqing Wu and Kanda Runapongsa Saikaew},
journal = {International Journal of Technology},
volume = {7},
number = {7},
year = {2016},
keywords = {Credibility measurement; Social media analysis; Topic analysis},
issn = {2087-2100},
}

@inproceedings{McMinn14,
 author = {McMinn, Andrew J. and Tsvetkov, Daniel and Yordanov, Tsvetan and Patterson, Andrew and Szk, Rrobi and Rodriguez Perez, Jesus A. and Jose, Joemon M.},
 title = {An Interactive Interface for Visualizing Events on Twitter},
 booktitle = {Proceedings of the 37th International ACM SIGIR Conference on Research \&\#38; Development in Information Retrieval},
 series = {SIGIR '14},
 year = {2014},
 isbn = {978-1-4503-2257-7},
 location = {Gold Coast, Queensland, Australia},
 pages = {1271--1272},
 numpages = {2},
 url = {http://doi.acm.org/10.1145/2600428.2611189},
 doi = {10.1145/2600428.2611189},
 acmid = {2611189},
 publisher = {ACM},
 address = {New York, NY, USA},
 keywords = {event detection, event visualization, social media},
}

@InProceedings{McMinn15,
author="McMinn, Andrew J.
and Jose, Joemon M.",
editor="Mothe, Josanne
and Savoy, Jacques
and Kamps, Jaap
and Pinel-Sauvagnat, Karen
and Jones, Gareth
and San Juan, Eric
and Capellato, Linda
and Ferro, Nicola",
title="Real-Time Entity-Based Event Detection for Twitter",
booktitle="Experimental IR Meets Multilinguality, Multimodality, and Interaction",
year="2015",
publisher="Springer International Publishing",
address="Cham",
pages="65--77",
isbn="978-3-319-24027-5"
}

@INPROCEEDINGS{Reuters2017,
author={Q. Li and A. Nourbakhsh and S. Shah and X. Liu},
booktitle={2017 IEEE 33rd International Conference on Data Engineering (ICDE)},
title={Real-Time Novel Event Detection from Social Media},
year={2017},
volume={},
number={},
pages={1129-1139},
keywords={pattern clustering;social networking (online);Twitter;class-wise similarity;clustering module;event tweet;novel event detection;novelty score;quality metrics;semantic categories;similarity measuring;social media;Clustering algorithms;Event detection;Real-time systems;Semantics;Tagging;Twitter;event detection;event novelty;novel event;semantic class;social media;temporal identification;temporal information},
doi={10.1109/ICDE.2017.157},
ISSN={},
month={April},}

@inproceedings{Charikar2002,
 author = {Charikar, Moses S.},
 title = {Similarity Estimation Techniques from Rounding Algorithms},
 booktitle = {Proceedings of the Thiry-fourth Annual ACM Symposium on Theory of Computing},
 series = {STOC '02},
 year = {2002},
 isbn = {1-58113-495-9},
 location = {Montreal, Quebec, Canada},
 pages = {380--388},
 numpages = {9},
 url = {http://doi.acm.org/10.1145/509907.509965},
 doi = {10.1145/509907.509965},
 acmid = {509965},
 publisher = {ACM},
 address = {New York, NY, USA},
}

@article{salton1975vector,
  title={A vector space model for automatic indexing},
  author={Salton, Gerard and Wong, Anita and Yang, Chung-Shu},
  journal={Communications of the ACM},
  volume={18},
  number={11},
  pages={613--620},
  year={1975},
  publisher={ACM}
}

@INPROCEEDINGS{Sikdar13,
title={Understanding Information Credibility on Twitter},
author={S. Sikdar and B. Kang and J. ODonovan and T. Höllerer and S. Adah},
booktitle={2013 International Conference on Social Computing},
year={2013},
pages={19-24},
doi={10.1109/SocialCom.2013.9},
month={Sept},}

@article{Sikdar13-2,
  title={Cutting through the noise: Defining ground truth in information credibility on twitter},
  author={Sikdar, Sujoy Kumar and Kang, Byungkyu and O’Donovan, John and Hollerer, Tobias and Adal, Sibel},
  journal={Human},
  volume={2},
  number={3},
  pages={151--167},
  year={2013}
}

@inproceedings{Kang12,
author = {Kang, Byungkyu and O'Donovan, John and H\"{o}llerer, Tobias},
title = {Modeling Topic Specific Credibility on Twitter},
booktitle = {Proceedings of the 2012 ACM International Conference on Intelligent User Interfaces},
series = {IUI '12},
year = {2012},
isbn = {978-1-4503-1048-2},
location = {Lisbon, Portugal},
pages = {179--188},
numpages = {10},
url = {http://doi.acm.org/10.1145/2166966.2166998},
doi = {10.1145/2166966.2166998},
acmid = {2166998},
publisher = {ACM},
address = {New York, NY, USA},
keywords = {credibility, data mining, microblogs, social networking, trust},
}

@inproceedings{Castillo11,
 author = {Castillo, Carlos and Mendoza, Marcelo and Poblete, Barbara},
 title = {Information Credibility on Twitter},
 booktitle = {Proceedings of the 20th International Conference on World Wide Web},
 series = {WWW '11},
 year = {2011},
 isbn = {978-1-4503-0632-4},
 location = {Hyderabad, India},
 pages = {675--684},
 numpages = {10},
 url = {http://doi.acm.org/10.1145/1963405.1963500},
 doi = {10.1145/1963405.1963500},
 acmid = {1963500},
 publisher = {ACM},
 address = {New York, NY, USA},
 keywords = {social media analytics, social media credibility, twitter},
}


@ARTICLE{Forelle15,
   author = {{Forelle}, M. and {Howard}, P. and {Monroy-Hern{\'a}ndez}, A. and
	{Savage}, S.},
    title = "{Political Bots and the Manipulation of Public Opinion in Venezuela}",
  journal = {ArXiv e-prints},
archivePrefix = "arXiv",
   eprint = {1507.07109},
 keywords = {Computer Science - Social and Information Networks, Computer Science - Computers and Society, Physics - Physics and Society, H.5.3},
     year = 2015,
    month = jul,
   adsurl = {http://adsabs.harvard.edu/abs/2015arXiv150707109F},
  adsnote = {Provided by the SAO/NASA Astrophysics Data System}
}


@ARTICLE{Howard16,
author = {{Howard}, P.~N. and {Kollanyi}, B.},
title = "{Bots, \#StrongerIn, and \#Brexit: Computational Propaganda during the UK-EU Referendum}",
journal = {ArXiv e-prints},
archivePrefix = "arXiv",
eprint = {1606.06356},
keywords = {Computer Science - Social and Information Networks, Physics - Physics and Society},
  year = 2016,
month = jun,
adsurl = {http://adsabs.harvard.edu/abs/2016arXiv160606356H},
adsnote = {Provided by the SAO/NASA Astrophysics Data System}
}

@inproceedings{Martin13,
booktitle = {BCS SGAI Workshop on Social Media Analysis 2013},
title = {Mining Newsorthy Topics from Social Media},
author = {C. Martin and D. Corney and A.S. Goker and A. MacFarlane},
year = {2013},
note = {Copyright 2013, the authors. For private and academic purposes only.},
keywords = {topic detection, Twitter, temporal analysis},
  url = {http://openaccess.city.ac.uk/4450/},
}


@article{Amati02,
 author = {Amati, Gianni and Van Rijsbergen, Cornelis Joost},
 title = {Probabilistic Models of Information Retrieval Based on Measuring the Divergence from Randomness},
 journal = {ACM Trans. Inf. Syst.},
 issue_date = {October 2002},
 volume = {20},
 number = {4},
 month = oct,
 year = {2002},
 issn = {1046-8188},
 pages = {357--389},
 numpages = {33},
 url = {http://doi.acm.org/10.1145/582415.582416},
 doi = {10.1145/582415.582416},
 acmid = {582416},
 publisher = {ACM},
 address = {New York, NY, USA},
 keywords = {Aftereffect model, BM25, Bose--Einstein statistics, Laplace, Poisson, binomial law, document length normalization, eliteness, idf, information retrieval, probabilistic models, randomness, succession law, term frequency normalization, term weighting},
}

@INPROCEEDINGS{UMASS,
    author = {James Allan and Victor Lavrenko and Daniella Malin and Russell Swan},
    title = {Detections, Bounds, and Timelines: {UMass} and {TDT}-3},
    booktitle = {TDT-3 Workshop},
    year = {2000}
}

@inproceedings{Yang98,
  author = {Yang, Yiming and Pierce, Tom and Carbonell, Jaime},
  title = {A study of retrospective and on-line event detection},
  series = {SIGIR '98},
  year = {1998},
  isbn = {1-58113-015-5},
  location = {Melbourne, Australia},
  pages = {28--36},
  numpages = {9},
  url = {http://doi.acm.org/10.1145/290941.290953},
  doi = {10.1145/290941.290953},
  acmid = {290953},
  publisher = {ACM},
  address = {New York, NY, USA},
}

@article{chuaautomatic,
  title={Automatic Summarization of Events from Social Media},
  author={Chua, Freddy Chong Tat and Asur, Sitaram},
  series = {ICWSM '13},
  year = {2013},
}

@inproceedings{chakrabarti2011event,
  title={Event summarization using tweets},
  author={Chakrabarti, Deepayan and Punera, Kunal},
  booktitle={Proceedings of the Fifth International AAAI Conference on Weblogs and Social Media},
  pages={66--73},
  year={2011}
}

@article{Yang2002,
  author = {Yang, Yiming and Zhang, Jian and Carbonell, Jaime and Jin, Chun},
  biburl = {http://www.bibsonomy.org/bibtex/257e19c829e4596b918fd672889498e44/lillejul},
  interhash = {1f0f7b64ea4ec066e07f55dae1503375},
  intrahash = {57e19c829e4596b918fd672889498e44},
  journal = {ACM CIKM '02},
  keywords = {classification detection,text entity,novelty erc event_detection feature selection,named sys:hidden:sowa},
  pages = {688--693},
  timestamp = {2012-09-17T17:48:52.000+0200},
  title = {{Topic-Conditioned Novelty Detection}},
  url = {http://portal.acm.org/citation.cfm?id=775150},
  year = 2002
}


@inproceedings{TwitterPOS,
    title = {Twitter Part-of-Speech Tagging for All: Overcoming Sparse and Noisy Data},
    author = {Derczynski, Leon and Ritter, Alan and Clark, Sam and Bontcheva, Kalina},
    year = {2013},
    booktitle = {ICRA-NLP '13'},
    publisher = {ACL}
}

@inproceedings{Grier:2010:SUC:1866307.1866311,
 author = {Grier, Chris and Thomas, Kurt and Paxson, Vern and Zhang, Michael},
 title = {@Spam: The Underground on 140 Characters or Less},
 booktitle = {ACM CCS '10'},
 series = {CCS '10},
 year = {2010},
 isbn = {978-1-4503-0245-6},
 location = {Chicago, Illinois, USA},
 pages = {27--37},
 numpages = {11},
 url = {http://doi.acm.org/10.1145/1866307.1866311},
 doi = {10.1145/1866307.1866311},
 acmid = {1866311},
 publisher = {ACM},
 address = {New York, NY, USA},
 keywords = {spam, twitter},
}

@inproceedings{Becker:2012:ICP:2124295.2124360,
 author = {Becker, Hila and Iter, Dan and Naaman, Mor and Gravano, Luis},
 title = {Identifying content for planned events across social media sites},
 booktitle = {Proceedings of the fifth ACM international conference on Web search and data mining},
 series = {WSDM '12},
 year = {2012},
 isbn = {978-1-4503-0747-5},
 location = {Seattle, Washington, USA},
 pages = {533--542},
 numpages = {10},
 url = {http://doi.acm.org/10.1145/2124295.2124360},
 doi = {10.1145/2124295.2124360},
 acmid = {2124360},
 publisher = {ACM},
 address = {New York, NY, USA},
 keywords = {cross-site document retrieval, event identification, social media},
}


@inproceedings{Nichols:2012:SSE:2166966.2166999,
 author = {Nichols, Jeffrey and Mahmud, Jalal and Drews, Clemens},
 title = {Summarizing sporting events using twitter},
 booktitle = {Proceedings of the 2012 ACM international conference on Intelligent User Interfaces},
 series = {IUI '12},
 year = {2012},
 isbn = {978-1-4503-1048-2},
 location = {Lisbon, Portugal},
 pages = {189--198},
 numpages = {10},
 url = {http://doi.acm.org/10.1145/2166966.2166999},
 doi = {10.1145/2166966.2166999},
 acmid = {2166999},
 publisher = {ACM},
 address = {New York, NY, USA},
 keywords = {implicit crowdsourcing, journalism, social media, status updates},
}


@inproceedings{Wang:2010:AAE:1807167.1807189,
 author = {Wang, Peng and Wang, Haixun and Liu, Majin and Wang, Wei},
 title = {An algorithmic approach to event summarization},
 booktitle = {Proceedings of the 2010 ACM SIGMOD International Conference on Management of data},
 series = {SIGMOD '10},
 year = {2010},
 isbn = {978-1-4503-0032-2},
 location = {Indianapolis, Indiana, USA},
 pages = {183--194},
 numpages = {12},
 url = {http://doi.acm.org/10.1145/1807167.1807189},
 doi = {10.1145/1807167.1807189},
 acmid = {1807189},
 publisher = {ACM},
 address = {New York, NY, USA},
 keywords = {event summarization, hidden markov model, minimal description length},
}

@inproceedings{gupta2012credibility,
  title={Credibility ranking of tweets during high impact events},
  author={Gupta, Aditi and Kumaraguru, Ponnurangam},
  booktitle={Proceedings of the 1st Workshop on Privacy and Security in Online Social Media},
  pages={2},
  year={2012},
  organization={ACM}
}

@inproceedings{Castillo:2011:ICT:1963405.1963500,
 author = {Castillo, Carlos and Mendoza, Marcelo and Poblete, Barbara},
 title = {Information credibility on twitter},
 booktitle = {Proceedings of the 20th international conference on World wide web},
 series = {WWW '11},
 year = {2011},
 isbn = {978-1-4503-0632-4},
 location = {Hyderabad, India},
 pages = {675--684},
 numpages = {10},
 url = {http://doi.acm.org/10.1145/1963405.1963500},
 doi = {10.1145/1963405.1963500},
 acmid = {1963500},
 publisher = {ACM},
 address = {New York, NY, USA},
 keywords = {social media analytics, social media credibility, twitter},
}

@misc{TDT,
  key       = {TDT},
  title     = {Topic Detection and Tracking},
  note      = {http://projects.ldc.upenn.edu/TDT/},
  year      = 2012
}

@inproceedings{Zhao:2007:TIF:1619797.1619886,
  author = {Zhao, Qiankun and Mitra, Prasenjit and Chen, Bi},
  title = {Temporal and information flow based event detection from social text streams},
  series = {AAAI'07},
  year = {2007},
  isbn = {978-1-57735-323-2},
  location = {Vancouver, British Columbia, Canada},
  pages = {1501--1506},
  numpages = {6},
  url = {http://dl.acm.org/citation.cfm?id=1619797.1619886},
  acmid = {1619886},
  publisher = {AAAI Press},
}

@inproceedings{Jurgens:2009:EDB:1859650.1859652,
  author = {Jurgens, David and Stevens, Keith},
  title = {Event detection in blogs using temporal random indexing},
  series = {eETTs '09},
  year = {2009},
  isbn = {978-954-452-011-3},
  location = {Borovets, Bulgaria},
  pages = {9--16},
  numpages = {8},
  url = {http://dl.acm.org/citation.cfm?id=1859650.1859652},
  acmid = {1859652},
  publisher = {Association for Computational Linguistics},
  address = {Stroudsburg, PA, USA},
}

@inproceedings{Allan:2000:FSD:354756.354843,
  author = {Allan, James and Lavrenko, Victor and Jin, Hubert},
  title = {First story detection in {TDT} is hard},
  series = {CIKM '00},
  year = {2000},
  isbn = {1-58113-320-0},
  location = {McLean, Virginia, United States},
  pages = {374--381},
  numpages = {8},
  url = {http://doi.acm.org/10.1145/354756.354843},
  doi = {10.1145/354756.354843},
  acmid = {354843},
  publisher = {ACM},
  address = {New York, NY, USA},
}

@incollection{Allan:2002:ITD:772260.772262,
  author = {Allan, James},
  chapter = {Introduction to topic detection and tracking},
  title = {Topic detection and tracking},
  editor = {Allan, James},
  year = {2002},
  isbn = {0-7923-7664-1},
  pages = {1--16},
  numpages = {16},
  url = {http://dl.acm.org/citation.cfm?id=772260.772262},
  acmid = {772262},
  publisher = {Kluwer Academic Publishers},
  address = {Norwell, MA, USA},
}

@inproceedings{Allan:1998:ONE:290941.290954,
  author = {Allan, James and Papka, Ron and Lavrenko, Victor},
  title = {On-line new event detection and tracking},
  series = {SIGIR '98},
  year = {1998},
  isbn = {1-58113-015-5},
  location = {Melbourne, Australia},
  pages = {37--45},
  numpages = {9},
  url = {http://doi.acm.org/10.1145/290941.290954},
  doi = {10.1145/290941.290954},
  acmid = {290954},
  publisher = {ACM},
  address = {New York, NY, USA},
}

@inproceedings{Becker:2010:LSM:1718487.1718524,
 author = {Becker, Hila and Naaman, Mor and Gravano, Luis},
 title = {Learning similarity metrics for event identification in social media},
 series = {WSDM '10},
 year = {2010},
 isbn = {978-1-60558-889-6},
 location = {New York, New York, USA},
 pages = {291--300},
 numpages = {10},
 url = {http://doi.acm.org/10.1145/1718487.1718524},
 doi = {10.1145/1718487.1718524},
 acmid = {1718524},
 publisher = {ACM},
 address = {New York, NY, USA},
 keywords = {event identification, similarity metric learning, social media},
}

@inproceedings{Nguyen:2011:ERR:2186701.2186707,
 author = {Nguyen, Thin and Phung, Dinh and Adams, Brett and Venkatesh, Svetha},
 title = {Emotional reactions to real-world events in social networks},
 series = {PAKDD'11},
 year = {2012},
 isbn = {978-3-642-28319-2},
 location = {Shenzhen, China},
 pages = {53--64},
 numpages = {12},
 acmid = {2186707},
 publisher = {Springer-Verlag},
 address = {Berlin, Heidelberg},
 keywords = {bursty event, emotional reaction, sentiment burst, sentiment index},
}

@inproceedings{Hu:2012:BNT:2208636.2208672,
 author = {Hu, Mengdie and Liu, Shixia and Wei, Furu and Wu, Yingcai and Stasko, John and Ma, Kwan-Liu},
 title = {Breaking news on twitter},
 series = {CHI '12},
 year = {2012},
 isbn = {978-1-4503-1015-4},
 location = {Austin, Texas, USA},
 pages = {2751--2754},
 numpages = {4},
 url = {http://doi.acm.org/10.1145/2208636.2208672},
 doi = {10.1145/2208636.2208672},
 acmid = {2208672},
 publisher = {ACM},
 address = {New York, NY, USA},
 keywords = {breaking news, opinion leaders, social media, twitter},
}

@inproceedings{citeulike:7616867,
    author = {Klimt, B. and Yang, Y.},
    booktitle = {First Conference on Email and Anti-Spam (CEAS)},
    citeulike-article-id = {7616867},
    keywords = {081110-import, all-articles, background, corpora, email, gold-standard, spam},
    posted-at = {2010-08-11 16:51:48},
    priority = {2},
    title = {{Introducing the Enron corpus}},
    year = {2004}
}

@inproceedings{Gupta:2012:ICU:2390131.2390142,
 author = {Gupta, Aditi and Joshi, Anupam and Kumaraguru, Ponnurangam},
 title = {Identifying and characterizing user communities on Twitter during crisis events},
 series = {DUBMMSM '12},
 year = {2012},
 isbn = {978-1-4503-1707-8},
 location = {Maui, Hawaii, USA},
 pages = {23--26},
 numpages = {4},
 url = {http://doi.acm.org/10.1145/2390131.2390142},
 doi = {10.1145/2390131.2390142},
 acmid = {2390142},
 publisher = {ACM},
 address = {New York, NY, USA},
 keywords = {community detection, crisis events, online social media},
}

@inproceedings{Kwak:2010:TSN:1772690.1772751,
 author = {Kwak, Haewoon and Lee, Changhyun and Park, Hosung and Moon, Sue},
 title = {What is Twitter, a social network or a news media?},
 series = {WWW '10},
 year = {2010},
 isbn = {978-1-60558-799-8},
 location = {Raleigh, North Carolina, USA},
 pages = {591--600},
 numpages = {10},
 url = {http://doi.acm.org/10.1145/1772690.1772751},
 doi = {10.1145/1772690.1772751},
 acmid = {1772751},
 publisher = {ACM},
 address = {New York, NY, USA},
 keywords = {Twitter, degree of separation, homophily, influential, information diffusion, online social network, pagerank, reciprocity, retweet},
}

@inproceedings{conf/aoir/albakour13,
  author = {M-Dyaa Albakour, Craig Macdonald, Iadh Ounis},
  booktitle = {OAIR '13},
  publisher = {ACM},
  title =  {Identifying Local Events by Using Microblogs as Social Sensors.},
  year = {2013}
}


@inproceedings{Kumaran:2004:TCN:1008992.1009044,
  author = {Kumaran, Giridhar and Allan, James},
  title = {Text classification and named entities for new event detection},
  series = {SIGIR '04},
  year = {2004},
  isbn = {1-58113-881-4},
  location = {Sheffield, United Kingdom},
  pages = {297--304},
  numpages = {8},
  url = {http://doi.acm.org/10.1145/1008992.1009044},
  doi = {10.1145/1008992.1009044},
  acmid = {1009044},
  publisher = {ACM},
  address = {New York, NY, USA},
  keywords = {named entities, new event detection, text classification, topic detection and tracking},
}

@article{threesigma1994,
  jstor_articletype = {research-article},
  title = {The Three Sigma Rule},
  author = {Pukelsheim, Friedrich},
  journal = {The American Statistician},
  jstor_issuetitle = {},
  volume = {48},
  number = {2},
  jstor_formatteddate = {May, 1994},
  pages = {pp. 88-91},
  url = {http://www.jstor.org/stable/2684253},
  ISSN = {00031305},
  abstract = {For random variables with a unimodal Lebesgue density, the 3σ rule is proved by elementary calculus. It emerges as a special case of the Vysochanskiĭ-Petunin inequality, which in turn is based on the Gauss inequality.},
  language = {English},
  year = {1994},
  publisher = {American Statistical Association},
  copyright = {Copyright © 1994 American Statistical Association},
}

@inproceedings{Allan:2005:TTD:1042435.1042899,
 author = {Allan, James and Harding, Stephen and Fisher, David and Bolivar, Alvaro and Guzman-Lara, Sergio and Amstutz, Peter},
 title = {Taking Topic Detection From Evaluation to Practice},
 booktitle = {HICSS'05},
 series = {HICSS '05},
 year = {2005},
 isbn = {0-7695-2268-8-4},
 pages = {},
 url = {http://dx.doi.org/10.1109/HICSS.2005.576},
 doi = {10.1109/HICSS.2005.576},
 acmid = {1042899},
 publisher = {IEEECS},
 address = {Washington, USA},
}


@article{Shannon:2001:MTC:584091.584093,
 author = {Shannon, C. E.},
 title = {A mathematical theory of communication},
 journal = {SIGMOBILE Mob. Comput. Commun. Rev.},
 issue_date = {January 2001},
 volume = {5},
 number = {1},
 month = jan,
 year = {2001},
 issn = {1559-1662},
 pages = {3--55},
 numpages = {53},
 url = {http://doi.acm.org/10.1145/584091.584093},
 doi = {10.1145/584091.584093},
 acmid = {584093},
 publisher = {ACM},
 address = {New York, NY, USA},
}


@article{Salton:1988:TAA:54259.54260,
  author = {Salton, Gerard and Buckley, Christopher},
  title = {Term-weighting approaches in automatic text retrieval},
  journal = {Inf. Process. Manage.},
  volume = {24},
  number = {5},
  month = aug,
  year = {1988},
  issn = {0306-4573},
  pages = {513--523},
  numpages = {11},
  url = {http://dx.doi.org/10.1016/0306-4573(88)90021-0},
  doi = {10.1016/0306-4573(88)90021-0},
  acmid = {54260},
  publisher = {Pergamon Press, Inc.},
  address = {Tarrytown, NY, USA},
}

@inproceedings{Phuvipadawat:2010:BND:1913791.1913911,
  author = {Phuvipadawat, Swit and Murata, Tsuyoshi},
  title = {Breaking News Detection and Tracking in Twitter},
  booktitle = {Proceedings of the 2010 IEEE/WIC/ACM International Conference on Web Intelligence and Intelligent Agent Technology - Volume 03},
  series = {WI-IAT '10},
  year = {2010},
  isbn = {978-0-7695-4191-4},
  pages = {120--123},
  numpages = {4},
  url = {http://dx.doi.org/10.1109/WI-IAT.2010.205},
  doi = {10.1109/WI-IAT.2010.205},
  acmid = {1913911},
  publisher = {IEEE Computer Society},
  address = {Washington, DC, USA},
  keywords = {Twitter, Topic Detection and Tracking, Real-time text-mining, Information Retrieval},
}

@inproceedings{Petrovic10,
  author = {Petrovi\'{c}, Sa\v{s}a and Osborne, Miles and Lavrenko, Victor},
  title = {Streaming first story detection with application to Twitter},
  booktitle = {HLT '10'},
  series = {HLT '10},
  year = {2010},
  isbn = {1-932432-65-5},
  location = {Los Angeles, California},
  pages = {181--189},
  numpages = {9},
  url = {http://dl.acm.org/citation.cfm?id=1857999.1858020},
  acmid = {1858020},
  publisher = {Association for Computational Linguistics},
  address = {Stroudsburg, PA, USA},
}

@inproceedings{Aggarwal12,
  author = {Aggarwal, Charu and Subbian, Karthik},
  biburl = {http://www.bibsonomy.org/bibtex/2fc447d0dd1e38f170162349780be644a/dblp},
  booktitle = {SDM},
  ee = {http://siam.omnibooksonline.com/2012datamining/data/papers/039.pdf},
  interhash = {30fee2f6e8da74c69b108710954f0c08},
  intrahash = {fc447d0dd1e38f170162349780be644a},
  isbn = {978-1-61197-232-0},
  keywords = {dblp},
  pages = {624-635},
  publisher = {SIAM / Omnipress},
  timestamp = {2012-09-07T00:00:00.000+0200},
  title = {Event Detection in Social Streams.},
  year = 2012
}

@inproceedings{McCreadie:2012:BRT:2348283.2348495,
  author = {McCreadie, Richard and Soboroff, Ian and Lin, Jimmy and Macdonald, Craig and Ounis, Iadh and McCullough, Dean},
  title = {On building a reusable Twitter corpus},
  booktitle = {Proceedings of the 35th international ACM SIGIR conference on Research and development in information retrieval},
  series = {SIGIR '12},
  year = {2012},
  isbn = {978-1-4503-1472-5},
  location = {Portland, Oregon, USA},
  pages = {1113--1114},
  numpages = {2},
  url = {http://doi.acm.org/10.1145/2348283.2348495},
  doi = {10.1145/2348283.2348495},
  acmid = {2348495},
  publisher = {ACM},
  address = {New York, NY, USA},
  keywords = {Twitter, corpus creation, reproducibility},
}

@inproceedings{Petrovic:2012:UPI:2382029.2382072,
  author = {Petrovi\'{c}, Sa\v{s}a and Osborne, Miles and Lavrenko, Victor},
  title = {Using paraphrases for improving first story detection in news and Twitter},
  booktitle = {Proceedings of the 2012 Conference of the North American Chapter of the Association for Computational Linguistics: Human Language Technologies},
  series = {NAACL HLT '12},
  year = {2012},
  isbn = {978-1-937284-20-6},
  location = {Montreal, Canada},
  pages = {338--346},
  numpages = {9},
  url = {http://dl.acm.org/citation.cfm?id=2382029.2382072},
  acmid = {2382072},
  publisher = {Association for Computational Linguistics},
  address = {Stroudsburg, PA, USA},
}

@article{WRN2012:osbornebieber,
  author = {Osborne, M. and Petrovic, S. and McCreadie, R. and Macdonald, C. and Ounis, I.},
  journal = {SIGIR 2012 Workshop TAIA},
  keywords = {wrn2012wrn201208open\_accessreviewed},
  priority = {0},
  title = {{Bieber no more: First Story Detection using Twitter and Wikipedia}},
  url = {http://www.dcs.gla.ac.uk/~craigm/publications/osborneTAIA2012.pdf},
  year = {2012}
}

@inproceedings{Ritter:2012:ODE:2339530.2339704,
 author = {Ritter, Alan and Mausam and Etzioni, Oren and Clark, Sam},
 title = {Open Domain Event Extraction from Twitter},
 booktitle = {Proceedings of the 18th ACM SIGKDD International Conference on Knowledge Discovery and Data Mining},
 series = {KDD '12},
 year = {2012},
 isbn = {978-1-4503-1462-6},
 location = {Beijing, China},
 pages = {1104--1112},
 numpages = {9},
 url = {http://doi.acm.org/10.1145/2339530.2339704},
 doi = {10.1145/2339530.2339704},
 acmid = {2339704},
 publisher = {ACM},
 address = {New York, NY, USA},
 keywords = {information extraction, social media},
}

@inproceedings{sankaranarayanan2009twitterstand,
  title={Twitterstand: news in tweets},
  author={Sankaranarayanan, Jagan and Samet, Hanan and Teitler, Benjamin E and Lieberman, Michael D and Sperling, Jon},
  booktitle={ACM SIGSPATIAL '09'},
  year={2009},
  organization={ACM}
}

@inproceedings{Sia:2008:ECP:1401890.1401967,
 author = {Sia, Ka Cheung and Cho, Junghoo and Chi, Yun and Tseng, Belle L.},
 title = {Efficient computation of personal aggregate queries on blogs},
 series = {KDD '08},
 year = {2008},
 isbn = {978-1-60558-193-4},
 location = {Las Vegas, Nevada, USA},
 pages = {632--640},
 numpages = {9},
 url = {http://doi.acm.org/10.1145/1401890.1401967},
 doi = {10.1145/1401890.1401967},
 acmid = {1401967},
 publisher = {ACM},
 address = {NY, USA},
 keywords = {aggregate queries, matrix factorization, personalized recommendation, web-mining},
}

@incollection{unankard2013location,
  title={Location-Based Emerging Event Detection in Social Networks},
  author={Unankard, Sayan and Li, Xue and Sharaf, Mohamed A},
  booktitle={Web Technologies and Applications},
  pages={280--291},
  year={2013},
  publisher={Springer}
}


@inproceedings{Cataldi:2010:ETD:1814245.1814249,
  author = {Cataldi, Mario and Di Caro, Luigi and Schifanella, Claudio},
  title = {Emerging topic detection on Twitter based on temporal and social terms evaluation},
  booktitle = {Proceedings of the Tenth International Workshop on Multimedia Data Mining},
  series = {MDMKDD '10},
  year = {2010},
  isbn = {978-1-4503-0220-3},
  location = {Washington, D.C.},
  pages = {4:1--4:10},
  articleno = {4},
  numpages = {10},
  url = {http://doi.acm.org/10.1145/1814245.1814249},
  doi = {10.1145/1814245.1814249},
  acmid = {1814249},
  publisher = {ACM},
  address = {New York, NY, USA},
  keywords = {aging theory, text analysis, topic detection},
}

@inproceedings{Sakaki:2010:EST:1772690.1772777,
  author = {Sakaki, Takeshi and Okazaki, Makoto and Matsuo, Yutaka},
  title = {Earthquake shakes Twitter users: real-time event detection by social sensors},
  booktitle = {},
  series = {WWW '10},
  year = {2010},
  isbn = {978-1-60558-799-8},
  location = {Raleigh, North Carolina, USA},
  numpages = {10},
  url = {http://doi.acm.org/10.1145/1772690.1772777},
  doi = {10.1145/1772690.1772777},
  acmid = {1772777},
  publisher = {ACM},
  address = {NY, USA},
  keywords = {Twitter, earthquake, event detection, location estimation, social sensor},
}


@inproceedings{Okazaki:2008:STA:1929285.1929292,
  author = {Okazaki, Makoto and Matsuo, Yutaka},
  title = {Semantic twitter: analyzing tweets for real-time event notification},
  booktitle = {Proceedings of the 2008/2009 international conference on Social software: recent trends and developments in social software},
  series = {BlogTalk'08/09},
  year = {2010},
  isbn = {3-642-16580-X, 978-3-642-16580-1},
  location = {Cork, Ireland},
  pages = {63--74},
  numpages = {12},
  url = {http://dl.acm.org/citation.cfm?id=1929285.1929292},
  acmid = {1929292},
  publisher = {Springer-Verlag},
  address = {Berlin, Heidelberg},
}

@INPROCEEDINGS{5992610,
  author={Chung-Hong Lee and Hsin-Chang Yang and Tzan-Feng Chien and Wei-Shiang Wen},
  booktitle={Advances in Social Networks Analysis and Mining (ASONAM), 2011 International Conference on},
  title={A Novel Approach for Event Detection by Mining Spatio-temporal Information on Microblogs},
  year={2011},
  pages={254-259},
  keywords={Web services;data mining;geographic information systems;social networking (online);spatiotemporal phenomena;text analysis;Twitter;event detection;geolocation data;geospatial event information;microblogging services;realtime messages;social networks;spatio-temporal information mining;text streams;Analytical models;Earthquakes;Geospatial analysis;Heuristic algorithms;Real time systems;Twitter;microblogging;spatial analysis;temporal analysis;text mining;topic detection},
  doi={10.1109/ASONAM.2011.74}
}

@inproceedings{Mathioudakis:2010:TTD:1807167.1807306,
  author = {Mathioudakis, Michael and Koudas, Nick},
  title = {TwitterMonitor: trend detection over the twitter stream},
  booktitle = {Proceedings of the 2010 ACM SIGMOD International Conference on Management of data},
  series = {SIGMOD '10},
  year = {2010},
  isbn = {978-1-4503-0032-2},
  location = {Indianapolis, Indiana, USA},
  pages = {1155--1158},
  numpages = {4},
  url = {http://doi.acm.org/10.1145/1807167.1807306},
  doi = {10.1145/1807167.1807306},
  acmid = {1807306},
  publisher = {ACM},
  address = {New York, NY, USA},
  keywords = {social media analysis, trend detection},
}

@INPROCEEDINGS{6468337,
  author={Boettcher, A. and Dongman Lee},
  booktitle={Green Computing and Communications (GreenCom), 2012 IEEE International Conference on},
  title={EventRadar: A Real-Time Local Event Detection Scheme Using Twitter Stream},
  year={2012},
  pages={358-367},
  keywords={data analysis;pattern classification;social networking (online);EventRadar;Twitter stream;average Tweet frequency estimation;crowdsourcing;earthquakes detection;historic Tweet data analysis;news detection;opportunity discovery;real world events detection;real-time local event detection scheme;social network service;trends detection;Blogs;Earthquakes;Event detection;Market research;Real-time systems;Silicon;Twitter;crowdsourcing;local event detection;opportunity discovery;social network service},
  doi={10.1109/GreenCom.2012.59}
}

@incollection{effectivewang,
  year={2011},
  isbn={978-3-642-23534-4},
  booktitle={Web-Age Information Management},
  volume={6897},
  series={Lecture Notes in Computer Science},
  editor={Wang, Haixun and Li, Shijun and Oyama, Satoshi and Hu, Xiaohua and Qian, Tieyun},
  doi={10.1007/978-3-642-23535-1_55},
  title={Towards Effective Event Detection, Tracking and Summarization on Microblog Data},
  url={http://dx.doi.org/10.1007/978-3-642-23535-1_55},
  publisher={Springer Berlin Heidelberg},
  author={Long, Rui and Wang, Haofen and Chen, Yuqiang and Jin, Ou and Yu, Yong},
  pages={652-663}
}

@inproceedings{Ribeiro:2012:TOS:2442796.2442800,
  author = {Ribeiro,Jr., S\'{\i}lvio S. and Davis,Jr., Clodoveu A. and Oliveira, Diogo Renn\'{o} R. and Meira,Jr., Wagner and Gon\c{c}alves, Tatiana S. and Pappa, Gisele L.},
  title = {Traffic observatory: a system to detect and locate traffic events and conditions using Twitter},
  booktitle = {Proceedings of the 5th International Workshop on Location-Based Social Networks},
  series = {LBSN '12},
  year = {2012},
  isbn = {978-1-4503-1698-9},
  location = {Redondo Beach, California},
  pages = {5--11},
  numpages = {7},
  url = {http://doi.acm.org/10.1145/2442796.2442800},
  doi = {10.1145/2442796.2442800},
  acmid = {2442800},
  publisher = {ACM},
  address = {New York, NY, USA},
  keywords = {Twitter, geocoding, traffic},
}

@inproceedings{Watanabe:2011:JRL:2063576.2064014,
  author = {Watanabe, Kazufumi and Ochi, Masanao and Okabe, Makoto and Onai, Rikio},
  title = {Jasmine: a real-time local-event detection system based on geolocation information propagated to microblogs},
  booktitle = {Proceedings of the 20th ACM international conference on Information and knowledge management},
  series = {CIKM '11},
  year = {2011},
  isbn = {978-1-4503-0717-8},
  location = {Glasgow, Scotland, UK},
  pages = {2541--2544},
  numpages = {4},
  url = {http://doi.acm.org/10.1145/2063576.2064014},
  doi = {10.1145/2063576.2064014},
  acmid = {2064014},
  publisher = {ACM},
  address = {New York, NY, USA},
  keywords = {event detection, microblogs},
}

@inproceedings{Anantharam:2012:TAD:2380718.2380720,
  author = {Anantharam, Pramod and Thirunarayan, Krishnaprasad and Sheth, Amit},
  title = {Topical anomaly detection from Twitter stream},
  booktitle = {Proceedings of the 3rd Annual ACM Web Science Conference},
  series = {WebSci '12},
  year = {2012},
  isbn = {978-1-4503-1228-8},
  location = {Evanston, Illinois},
  pages = {11--14},
  numpages = {4},
  url = {http://doi.acm.org/10.1145/2380718.2380720},
  doi = {10.1145/2380718.2380720},
  acmid = {2380720},
  publisher = {ACM},
  address = {New York, NY, USA},
  keywords = {Twitter stream analysis, anomaly detection, binary classification, spam and off-topic content detection},
}

@inproceedings{conf/asunam/OzdikisSO12,
  author = {Ozdikis, Ozer and Senkul, Pinar and Oguztüzün, Halit},
  biburl = {http://www.bibsonomy.org/bibtex/2d339e8dd9678aca5013f497b480dc45d/dblp},
  booktitle = {ASONAM},
  interhash = {9405530e0657ea9e5259c966004823a7},
  intrahash = {d339e8dd9678aca5013f497b480dc45d},
  isbn = {978-0-7695-4799-2},
  keywords = {dblp},
  pages = {20-24},
  publisher = {IEEE Computer Society},
  timestamp = {2013-02-06T00:00:00.000+0100},
  title = {Semantic Expansion of Tweet Contents for Enhanced Event Detection in Twitter.},
  year = 2012
}

@article{ozdikissemantic,
  title={Semantic Expansion of Hashtags for Enhanced Event Detection in Twitter},
  author={Ozdikis, Ozer and Senkul, Pinar and Oguztuzun, Halit},
  booktitle = {VLDB},
  series = {WOSS '12},
  year = 2012
}

@inproceedings{Walther:2013:GED:2458181.2458221,
  author = {Walther, Maximilian and Kaisser, Michael},
  title = {Geo-spatial event detection in the twitter stream},
  booktitle = {Proceedings of the 35th European conference on Advances in Information Retrieval},
  series = {ECIR'13},
  year = {2013},
  isbn = {978-3-642-36972-8},
  location = {Moscow, Russia},
  pages = {356--367},
  numpages = {12},
  url = {http://dx.doi.org/10.1007/978-3-642-36973-5_30},
  doi = {10.1007/978-3-642-36973-5_30},
  acmid = {2458221},
  publisher = {Springer-Verlag},
  address = {Berlin, Heidelberg},
  keywords = {event detection, social media analytics, twitter},
}

@article{10.1109/ICDE.2012.125,
  author = {Rui Li and Kin Hou Lei and Ravi Khadiwala and Kevin Chen-Chuan Chang},
  title = {TEDAS: A Twitter-based Event Detection and Analysis System},
  journal ={Data Engineering, International Conference on},
  volume = {0},
  issn = {1084-4627},
  year = {2012},
  pages = {1273-1276},
  doi = {http://doi.ieeecomputersociety.org/10.1109/ICDE.2012.125},
  publisher = {IEEE Computer Society},
  address = {Los Alamitos, CA, USA},
}

@inproceedings{Popescu:2010:DCE:1871437.1871751,
  author = {Popescu, Ana-Maria and Pennacchiotti, Marco},
  title = {Detecting controversial events from twitter},
  booktitle = {Proceedings of the 19th ACM international conference on Information and knowledge management},
  series = {CIKM '10},
  year = {2010},
  isbn = {978-1-4503-0099-5},
  location = {Toronto, ON, Canada},
  pages = {1873--1876},
  numpages = {4},
  url = {http://doi.acm.org/10.1145/1871437.1871751},
  doi = {10.1145/1871437.1871751},
  acmid = {1871751},
  publisher = {ACM},
  address = {New York, NY, USA},
  keywords = {controversy, event mining, opinion mining},
}

@inproceedings{Becker:2012:ICP:2124295.2124360,
  author = {Becker, Hila and Iter, Dan and Naaman, Mor and Gravano, Luis},
  title = {Identifying content for planned events across social media sites},
  booktitle = {Proceedings of the fifth ACM international conference on Web search and data mining},
  series = {WSDM '12},
  year = {2012},
  isbn = {978-1-4503-0747-5},
  location = {Seattle, Washington, USA},
  pages = {533--542},
  numpages = {10},
  url = {http://doi.acm.org/10.1145/2124295.2124360},
  doi = {10.1145/2124295.2124360},
  acmid = {2124360},
  publisher = {ACM},
  address = {New York, NY, USA},
  keywords = {cross-site document retrieval, event identification, social media},
}

@inproceedings{weng2011event,
  title={Event detection in Twitter},
  author={Weng, Jianshu and Lee, Bu-Sung},
  booktitle={Proceedings of the 5th International AAAI Conference on Weblogs and Social Media},
  volume={3},
  number={4},
  year={2011}
}

@inproceedings{Wang:2012:ACP:2260766.2260794,
 author = {Wang, Xiaofeng and Gerber, Matthew S. and Brown, Donald E.},
 title = {Automatic crime prediction using events extracted from twitter posts},
 booktitle = {Proceedings of the 5th international conference on Social Computing, Behavioral-Cultural Modeling and Prediction},
 series = {SBP'12},
 year = {2012},
 isbn = {978-3-642-29046-6},
 location = {College Park, MD},
 pages = {231--238},
 numpages = {8},
 url = {http://dx.doi.org/10.1007/978-3-642-29047-3_28},
 doi = {10.1007/978-3-642-29047-3_28},
 acmid = {2260794},
 publisher = {Springer-Verlag},
 address = {Berlin, Heidelberg},
}

@inproceedings{Li:2012:TSE:2396761.2396785,
 author = {Li, Chenliang and Sun, Aixin and Datta, Anwitaman},
 title = {Twevent: segment-based event detection from tweets},
 booktitle = {Proceedings of the 21st ACM international conference on Information and knowledge management},
 series = {CIKM '12},
 year = {2012},
 isbn = {978-1-4503-1156-4},
 location = {Maui, Hawaii, USA},
 pages = {155--164},
 numpages = {10},
 url = {http://doi.acm.org/10.1145/2396761.2396785},
 doi = {10.1145/2396761.2396785},
 acmid = {2396785},
 publisher = {ACM},
 address = {New York, NY, USA},
 keywords = {event detection, microblogging, tweet segmentation, twitter},
}

@inproceedings{becker2011beyond,
  title={Beyond trending topics: Real-world event identification on twitter},
  author={Becker, Hila and Naaman, Mor and Gravano, Luis},
  booktitle={ICWSM'11},
  series = {ICWSM'11},
  year={2011}
}

@inproceedings{Kumaran2005,
 author = {Kumaran, Giridhar and Allan, James},
 title = {Using names and topics for new event detection},
 booktitle = {HLT '05'},
 series = {HLT '05},
 year = {2005},
 location = {Vancouver, British Columbia, Canada},
 pages = {121--128},
 numpages = {8},
 url = {http://dx.doi.org/10.3115/1220575.1220591},
 doi = {10.3115/1220575.1220591},
 acmid = {1220591},
 publisher = {ACL},
 address = {Stroudsburg, PA, USA},
}

@inproceedings{McMinn2013,
 author = {McMinn, Andrew J. and Moshfeghi, Yashar and Jose, Joemon M.},
 title = {Building a Large-scale Corpus for Evaluating Event Detection on Twitter},
 booktitle = {Proceedings of the 22Nd ACM International Conference on Conference on Information \& Knowledge Management},
 series = {CIKM '13},
 year = {2013},
 isbn = {978-1-4503-2263-8},
 location = {San Francisco, California, USA},
 pages = {409--418},
 numpages = {10},
 url = {http://doi.acm.org/10.1145/2505515.2505695},
 doi = {10.1145/2505515.2505695},
 acmid = {2505695},
 publisher = {ACM},
 address = {New York, NY, USA},
 keywords = {crowdsourcing, event detection, mechanical turk, reproducibility, social media, test collection, twitter corpus},
}

@inproceedings{Liu:2011:RNE:2002472.2002519,
 author = {Liu, Xiaohua and Zhang, Shaodian and Wei, Furu and Zhou, Ming},
 title = {Recognizing Named Entities in Tweets},
 booktitle = {Proceedings of the 49th Annual Meeting of the Association for Computational Linguistics: Human Language Technologies - Volume 1},
 series = {HLT '11},
 year = {2011},
 isbn = {978-1-932432-87-9},
 location = {Portland, Oregon},
 pages = {359--367},
 numpages = {9},
 url = {http://dl.acm.org/citation.cfm?id=2002472.2002519},
 acmid = {2002519},
 publisher = {Association for Computational Linguistics},
 address = {Stroudsburg, PA, USA},
}

@INPROCEEDINGS{Choudhury11extractingsemantic,
    author = {Smitashree Choudhury and John G. Breslin},
    title = {Extracting semantic entities and events from sports tweets},
    booktitle = {In Proceedings of the 1st Workshop on Making Sense of Microposts (\#MSM2011) at ESWC},
    year = {2011},
    pages = {22--32}
}

@inproceedings{McCreadie:2012:BRT:2348283.2348495,
  author = {McCreadie, Richard and Soboroff, Ian and Lin, Jimmy and Macdonald, Craig and Ounis, Iadh and McCullough, Dean},
  title = {On building a reusable Twitter corpus},
  booktitle = {Proceedings of the 35th international ACM SIGIR conference on Research and development in information retrieval},
  series = {SIGIR '12},
  year = {2012},
  isbn = {978-1-4503-1472-5},
  location = {Portland, Oregon, USA},
  pages = {1113--1114},
  numpages = {2},
  url = {http://doi.acm.org/10.1145/2348283.2348495},
  doi = {10.1145/2348283.2348495},
  acmid = {2348495},
  publisher = {ACM},
  address = {New York, NY, USA},
  keywords = {Twitter, corpus creation, reproducibility},
}

@inproceedings{randolph,
  title={Free-marginal multirater kappa (multirater $\kappa$free): an alternative to Fleiss' fixed-Marginal multirater kappa},
  author={Randolph, Justus J and Thanks, A and Bednarik, R and Myller, N},
  booktitle={Joensuu learning and instruction symposium},
  year={2005},
  organization={Citeseer}
}

@article{zhao2011empirical,
  title={An empirical comparison of topics in twitter and traditional media},
  author={Zhao, Xin and Jiang, Jing},
  journal={Singapore Management University School of Information Systems Technical paper series.},
  volume={10},
  pages={2011},
  year={2011}
}


@inproceedings{Bagga:1998:ECC:980845.980859,
 author = {Bagga, Amit and Baldwin, Breck},
 title = {Entity-based cross-document coreferencing using the Vector Space Model},
 booktitle = {Proceedings of the 36th Annual Meeting of the Association for Computational Linguistics and 17th International Conference on Computational Linguistics - Volume 1},
 series = {ACL '98},
 year = {1998},
 location = {Montreal, Quebec, Canada},
 pages = {79--85},
 numpages = {7},
 url = {http://dx.doi.org/10.3115/980845.980859},
 doi = {10.3115/980845.980859},
 acmid = {980859},
 publisher = {Association for Computational Linguistics},
 address = {Stroudsburg, PA, USA},
}

@article{Amigo:2009:CEC:1555682.1555686,
 author = {Amig\'{o}, Enrique and Gonzalo, Julio and Artiles, Javier and Verdejo, Felisa},
 title = {A comparison of extrinsic clustering evaluation metrics based on formal constraints},
 journal = {Inf. Retr.},
 issue_date = {August    2009},
 volume = {12},
 number = {4},
 month = aug,
 year = {2009},
 issn = {1386-4564},
 pages = {461--486},
 numpages = {26},
 url = {http://dx.doi.org/10.1007/s10791-008-9066-8},
 doi = {10.1007/s10791-008-9066-8},
 acmid = {1555686},
 publisher = {Kluwer Academic Publishers},
 address = {Hingham, MA, USA},
 keywords = {Clustering, Evaluation metrics, Formal constraints},
}

%top approaches 2011
@inproceedings{gambosi2011fub,
  title={FUB, IASI-CNR, UNIVAQ at TREC 2011},
  author={G. Amati and G. Amodeo and M. Bianchi and A. Celi and C.D. Nicola and M. Flammini and C. Gaibisso and G. Gambosi and G. Marcone },
  booktitle={Text REtrieval Conference (TREC 2011)},
  year={2011},
  organization={US}
}

@article{ferguson2011clarity,
  title={CLARITY at the TREC 2011 Microblog Track},
  author={Ferguson, Paul and OHare, Neil and Lanagan, James and Smeaton, Alan F and Phelan, Owen and McCarthy, Kevin and Smyth, Barry},
  year={2011}
}

@inproceedings{li2011pris,
  title={Pris at trec2011 micro-blog track},
  author={Li, Yan and Zhang, Zhenhua and Lv, Wenlong and Xie, Qianlong and Lin, Yuhang and Xu, Rao and Xu, Weiran and Chen, Guang and Guo, Jun},
  booktitle={Text REtrieval Conference Proceedings. NIST},
  year={2011}
}

@INPROCEEDINGS{metzler2011usc,
  author = {Metzler, Donald and Cai, Congxing},
  title = {Usc/isi at trec 2011: Microblog track},
  booktitle = {Proceedings of the Text REtrieval Conference (TREC 2011)},
  year = {2011}
}

@inproceedings{miyanishi2011trec,
  title={Trec 2011 microblog track experiments at kobe university},
  author={Miyanishi, Taiki and Okamura, Naoto and Liu, Xiaoxi and Seki, Kazuhiro and Uehara, Kuniaki},
  booktitle={Text REtrieval Conference Proceedings. NIST},
  year={2011}
}

%

@inproceedings{louvan2011university,
  title={University of indonesia at trec 2011 microblog track},
  author={Louvan, Samuel and Ibrahim, Mochamad and Adriani, Mirna and Vania, Clara and Distiawan, Bayu and Wanagiri, Metti Z},
  booktitle={Text REtrieval Conference Proceedings. NIST},
  year={2011}
}

@inproceedings{roegiest2011university,
  title={University of Waterloo at TREC 2011: Microblog Track},
  author={Roegiest, Adam and Cormack, Gordon V},
  booktitle={Text REtrieval Conference Proceedings. NIST},
  year={2011}
}

%% Hashtag usage
@inproceedings{berardi2011isti,
  title={ISTI@ TREC Microblog track 2011: exploring the use of hashtag segmentation and text quality ranking},
  author={Berardi, Giacomo and Esuli, Andrea and Marcheggiani, Diego and Sebastiani, Fabrizio},
  booktitle={Proceedings of the Twentieth Text REtrieval Conference (TREC 2011)},
  year={2011}
}



%% 2012 microblog

@article{vanugent,
  title={UGent participation in the Microblog Track 2012},
  author={Van Duc, Thong Hoang and Demeester, Thomas and Deleu, Joannes and Demeester, Piet and Develder, Chris}
}
@article{jabeuririt,
  title={IRIT at TREC Microblog 2012: Adhoc Task},
  author={Jabeur, Lamjed Ben and Damak, Firas and Tamine, Lynda and Pinel-Sauvagnat, Karen and Cabanac, Guillaume and Boughanem, Mohand}
}

@article{kimovercoming,
  title={Overcoming Vocabulary Limitations in Twitter Microblogs},
  author={Kim, Yubin and Yeniterzi, Reyyan and Callan, Jamie}
}

@article{thomassearching,
  title={Searching and Filtering Tweets: CSIRO at the TREC 2012 Microblog Track},
  author={Thomas, Sarvnaz Karimi Jie Yin Paul}
}

@book{allan2002topic,
  title={Topic detection and tracking: event-based information organization},
  author={Allan, James},
  volume={12},
  year={2002},
  publisher={Springer}
}

@article{weitime,
  title={A Time-Aware Language Model for Microblog Retrieval},
  author={Wei, Bingjie and Zhang, Shuai and Li, Rui and Wang, Bin}
}

@article{zhangucas,
  title={UCAS at TREC-2012 Microblog Track},
  author={Zhang, Xin and Lu, Sha and He, Ben and Xu, Jungang and Luo, Tiejian}
}

@article{hanhit,
  title={HIT at TREC 2012 Microblog Track},
  author={Han, Zhongyuan and Li, Xuwei and Yang, Muyun and Qi, Haoliang and Li, Sheng and Zhao, Tiejun}
}

%% Filtering only.
@article{berardiisti,
  title={ISTI@ TREC Microblog track 2012: real-time filtering through supervised learning},
  author={Berardi, Giacomo and Esuli, Andrea and Marcheggiani, Diego}
}


% ML
% Logistic Regression
@article{peng2002introduction,
  title={An introduction to logistic regression analysis and reporting},
  author={Peng, Chao-Ying Joanne and Lee, Kuk Lida and Ingersoll, Gary M},
  journal={The Journal of Educational Research},
  volume={96},
  number={1},
  pages={3--14},
  year={2002},
  publisher={Heldref Publications}
}



@article{younosFreq,
  title={Frequent Itemset Mining for Query Expansion in Microblog Ad-hoc Search},
  author={Aboulnaga, Younos and L. A. Clarke, Charles and Cheriton,  David R. }
}



@INPROCEEDINGS{5428313,
author={Boyd, D. and Golder, S. and Lotan, G.},
booktitle={System Sciences (HICSS), 2010 43rd Hawaii International Conference on}, title={Tweet, Tweet, Retweet: Conversational Aspects of Retweeting on Twitter},
year={2010},
pages={1-10},
keywords={social networking (online);Twitter;conversational retweeting aspects;microblogging service;social media;Aggregates;Blogs;Data analysis;Environmental factors;Social network services;Twitter;Yarn},
doi={10.1109/HICSS.2010.412},
ISSN={1530-1605},}

@inproceedings{Sakaki:2010:EST:1772690.1772777,
 author = {Sakaki, Takeshi and Okazaki, Makoto and Matsuo, Yutaka},
 title = {Earthquake shakes Twitter users: real-time event detection by social sensors},
 booktitle = {Proceedings of the 19th international conference on World wide web},
 series = {WWW '10},
 year = {2010},
 isbn = {978-1-60558-799-8},
 location = {Raleigh, North Carolina, USA},
 pages = {851--860},
 numpages = {10},
 url = {http://doi.acm.org/10.1145/1772690.1772777},
 doi = {10.1145/1772690.1772777},
 acmid = {1772777},
 publisher = {ACM},
 address = {New York, NY, USA},
 keywords = {Twitter, earthquake, event detection, location estimation, social sensor},
}

@article{Hasan17,
author = {Mahmud Hasan and Mehmet A Orgun and Rolf Schwitter},
title ={A survey on real-time event detection from the Twitter data stream},
journal = {Journal of Information Science},
year = {2017},
doi = {10.1177/0165551517698564},

URL = {
        https://doi.org/10.1177/0165551517698564

},
eprint = {
        https://doi.org/10.1177/0165551517698564

}
,
}



@inproceedings{Petrovic:2010:SFS:1857999.1858020,
 author = {Petrovi\'{c}, Sa\v{s}a and Osborne, Miles and Lavrenko, Victor},
 title = {Streaming first story detection with application to Twitter},
 booktitle = {Human Language Technologies: The 2010 Annual Conference of the North American Chapter of the Association for Computational Linguistics},
 series = {HLT '10},
 year = {2010},
 isbn = {1-932432-65-5},
 location = {Los Angeles, California},
 pages = {181--189},
 numpages = {9},
 url = {http://dl.acm.org/citation.cfm?id=1857999.1858020},
 acmid = {1858020},
 publisher = {Association for Computational Linguistics},
 address = {Stroudsburg, PA, USA},
}

@article{10.1109,
author = {Rui Li and Kin Hou Lei and Ravi Khadiwala and Kevin Chen-Chuan Chang},
title = {TEDAS: A Twitter-based Event Detection and Analysis System},
journal ={Data Engineering, International Conference on},
volume = {0},
issn = {1084-4627},
year = {2012},
pages = {1273-1276},
doi = {http://doi.ieeecomputersociety.org/10.1109/ICDE.2012.125},
publisher = {IEEE Computer Society},
address = {Los Alamitos, CA, USA},
}

@inproceedings{Petrovic:2012:UPI:2382029.2382072,
 author = {Petrovi\'{c}, Sa\v{s}a and Osborne, Miles and Lavrenko, Victor},
 title = {Using paraphrases for improving first story detection in news and Twitter},
 series = {NAACL HLT '12},
 year = {2012},
 isbn = {978-1-937284-20-6},
 location = {Montreal, Canada},
 pages = {338--346},
 numpages = {9},
 url = {http://dl.acm.org/citation.cfm?id=2382029.2382072},
 acmid = {2382072},
 publisher = {Association for Computational Linguistics},
 address = {Stroudsburg, PA, USA},
}

@inproceedings{Becker:2012:ICP:2124295.2124360,
 author = {Becker, Hila and Iter, Dan and Naaman, Mor and Gravano, Luis},
 title = {Identifying content for planned events across social media sites},
 series = {WSDM '12},
 year = {2012},
 isbn = {978-1-4503-0747-5},
 location = {Seattle, Washington, USA},
 pages = {533--542},
 numpages = {10},
 url = {http://doi.acm.org/10.1145/2124295.2124360},
 doi = {10.1145/2124295.2124360},
 acmid = {2124360},
 publisher = {ACM},
 address = {New York, NY, USA},
 keywords = {cross-site document retrieval, event identification, social media},
}

@misc{tdtannotation2004,
 title = {{TDT} 2004: Annotation Manual},
 year = {2004}
}

@inproceedings{Kotov:2011:MNE:1935826.1935870,
 author = {Kotov, Alexander and Zhai, ChengXiang and Sproat, Richard},
 title = {Mining named entities with temporally correlated bursts from multilingual web news streams},
 series = {WSDM '11},
 year = {2011},
 isbn = {978-1-4503-0493-1},
 location = {Hong Kong, China},
 pages = {237--246},
 numpages = {10},
 url = {http://doi.acm.org/10.1145/1935826.1935870},
 doi = {10.1145/1935826.1935870},
 acmid = {1935870},
 publisher = {ACM},
 address = {New York, NY, USA},
 keywords = {correlated burst detection, dynamic programming, probabilistic modeling, text streams},
}

@inproceedings{Allan:2000:FSD:354756.354843,
 author = {Allan, James and Lavrenko, Victor and Jin, Hubert},
 title = {First story detection in TDT is hard},
 series = {CIKM '00},
 year = {2000},
 isbn = {1-58113-320-0},
 location = {McLean, Virginia, United States},
 pages = {374--381},
 numpages = {8},
 url = {http://doi.acm.org/10.1145/354756.354843},
 doi = {10.1145/354756.354843},
 acmid = {354843},
 publisher = {ACM},
 address = {New York, NY, USA},
}

@incollection{Allan:2002:ITD:772260.772262,
 author = {Allan, James},
 chapter = {Introduction to topic detection and tracking},
 title = {Topic detection and tracking},
 editor = {Allan, James},
 year = {2002},
 isbn = {0-7923-7664-1},
 pages = {1--16},
 numpages = {16},
 url = {http://dl.acm.org/citation.cfm?id=772260.772262},
 acmid = {772262},
 publisher = {Kluwer Academic Publishers},
 address = {Norwell, MA, USA},
}

@misc{TDT,
  key       = {TDT},
  title     = {Topic Detection and Tracking},
  note      = {http://projects.ldc.upenn.edu/TDT/},
  year      = 2012
}


@MISC{Gupta12evaluatingevent,
    author = {Manish Gupta and Peixiang Zhao and Jiawei Han},
    title = {Evaluating Event Credibility on Twitter},
    year = {2012}
}

@inproceedings{Zhao:2007:TIF:1619797.1619886,
 author = {Zhao, Qiankun and Mitra, Prasenjit and Chen, Bi},
 title = {Temporal and information flow based event detection from social text streams},
 series = {AAAI'07},
 year = {2007},
 isbn = {978-1-57735-323-2},
 location = {Vancouver, British Columbia, Canada},
 pages = {1501--1506},
 numpages = {6},
 url = {http://dl.acm.org/citation.cfm?id=1619797.1619886},
 acmid = {1619886},
 publisher = {AAAI Press},
}

@inproceedings{Jurgens:2009:EDB:1859650.1859652,
 author = {Jurgens, David and Stevens, Keith},
 title = {Event detection in blogs using temporal random indexing},
 series = {eETTs '09},
 year = {2009},
 isbn = {978-954-452-011-3},
 location = {Borovets, Bulgaria},
 pages = {9--16},
 numpages = {8},
 url = {http://dl.acm.org/citation.cfm?id=1859650.1859652},
 acmid = {1859652},
 publisher = {Association for Computational Linguistics},
 address = {Stroudsburg, PA, USA},
}

@INPROCEEDINGS{UMASS,
    author = {James Allan and Victor Lavrenko and Daniella Malin and Russell Swan},
    title = {Detections, Bounds, and Timelines: UMass and TDT-3},
    year = {2000}
}

@inproceedings{Yang98,
 author = {Yang, Yiming and Pierce, Tom and Carbonell, Jaime},
 title = {A study of retrospective and on-line event detection},
 series = {SIGIR '98},
 year = {1998},
 isbn = {1-58113-015-5},
 location = {Melbourne, Australia},
 pages = {28--36},
 numpages = {9},
 url = {http://doi.acm.org/10.1145/290941.290953},
 doi = {10.1145/290941.290953},
 acmid = {290953},
 publisher = {ACM},
 address = {New York, NY, USA},
}

@techreport{weng2011event,
  added-at = {2011-11-14T08:09:01.000+0100},
  author = {Weng, Jianshu and Yao, Yuxia and Leonardi, Erwin and Lee, Francis},
  biburl = {http://www.bibsonomy.org/bibtex/290a4e21f0c48e84f3109139ddef9cfc9/event_detection},
  interhash = {bc6e0488937e32c3f86421f4f9010753},
  intrahash = {90a4e21f0c48e84f3109139ddef9cfc9},
  keywords = {2011 events seminar talk twitter winter},
  timestamp = {2011-11-14T08:09:01.000+0100},
  title = {Event Detection in Twitter},
  url = {http://www.hpl.hp.com/techreports/2011/HPL-2011-98.html},
  year = 2011
}

@inproceedings{Yang:1998:SRO:290941.290953,
 author = {Yang, Yiming and Pierce, Tom and Carbonell, Jaime},
 title = {A study of retrospective and on-line event detection},
 booktitle = {Proceedings of the 21st annual international ACM SIGIR conference on Research and development in information retrieval},
 series = {SIGIR '98},
 year = {1998},
 isbn = {1-58113-015-5},
 location = {Melbourne, Australia},
 pages = {28--36},
 numpages = {9},
 url = {http://doi.acm.org/10.1145/290941.290953},
 doi = {10.1145/290941.290953},
 acmid = {290953},
 publisher = {ACM},
 address = {New York, NY, USA},
}


@inproceedings{Becker_beyondtrending,
    author = {Hila Becker and Mor Naaman and Luis Gravano},
    title = {Beyond Trending Topics: Real-World Event Identification on Twitter},
    year = {2011},
    series = {WISDM'11},
}

@TECHREPORT{Kontostathis04useof,
    author = {April Kontostathis and Lars E. Holzman and William M. Pottenger},
    title = {Use of term clusters for emerging trend detection},
    institution = {},
    year = {2004}
}

@inproceedings{Zhao:2007:TIF:1619797.1619886,
 author = {Zhao, Qiankun and Mitra, Prasenjit and Chen, Bi},
 title = {Temporal and information flow based event detection from social text streams},
 series = {AAAI'07},
 year = {2007},
 isbn = {978-1-57735-323-2},
 location = {Vancouver, British Columbia, Canada},
 pages = {1501--1506},
 numpages = {6},
 url = {http://dl.acm.org/citation.cfm?id=1619797.1619886},
 acmid = {1619886},
 publisher = {AAAI Press},
}

@inproceedings{Jurgens:2009:EDB:1859650.1859652,
 author = {Jurgens, David and Stevens, Keith},
 title = {Event detection in blogs using temporal random indexing},
 series = {eETTs '09},
 year = {2009},
 isbn = {978-954-452-011-3},
 location = {Borovets, Bulgaria},
 pages = {9--16},
 numpages = {8},
 url = {http://dl.acm.org/citation.cfm?id=1859650.1859652},
 acmid = {1859652},
 publisher = {Association for Computational Linguistics},
 address = {Stroudsburg, PA, USA},
}

@inproceedings{citeulike:7616867,
    author = {Klimt, B. and Yang, Y.},
    booktitle = {First Conference on Email and Anti-Spam (CEAS)},
    citeulike-article-id = {7616867},
    keywords = {081110-import, all-articles, background, corpora, email, gold-standard, spam},
    posted-at = {2010-08-11 16:51:48},
    priority = {2},
    title = {{Introducing the Enron corpus}},
    year = {2004}
}

@Article{Goswami2016,
author="Goswami, Anuradha
and Kumar, Ajey",
title="A survey of event detection techniques in online social networks",
journal="Social Network Analysis and Mining",
year="2016",
month="Nov",
day="17",
volume="6",
number="1",
pages="107",
issn="1869-5469",
doi="10.1007/s13278-016-0414-1",
url="https://doi.org/10.1007/s13278-016-0414-1"
}


@article{Atefeh2015,
 author = {Atefeh, Farzindar and Khreich, Wael},
 title = {A Survey of Techniques for Event Detection in Twitter},
 journal = {Comput. Intell.},
 issue_date = {February 2015},
 volume = {31},
 number = {1},
 month = feb,
 year = {2015},
 issn = {0824-7935},
 pages = {132--164},
 numpages = {33},
 url = {http://dx.doi.org/10.1111/coin.12017},
 doi = {10.1111/coin.12017},
 acmid = {2768335},
 publisher = {Blackwell Publishers, Inc.},
 address = {Cambridge, MA, USA},
 keywords = {Twitter data stream, event detection, event identification, microblogs, monitoring social media},
}
[download]

@inproceedings{Sia:2008:ECP:1401890.1401967,
 author = {Sia, Ka Cheung and Cho, Junghoo and Chi, Yun and Tseng, Belle L.},
 title = {Efficient computation of personal aggregate queries on blogs},
 series = {KDD '08},
 year = {2008},
 isbn = {978-1-60558-193-4},
 location = {Las Vegas, Nevada, USA},
 pages = {632--640},
 numpages = {9},
 url = {http://doi.acm.org/10.1145/1401890.1401967},
 doi = {10.1145/1401890.1401967},
 acmid = {1401967},
 publisher = {ACM},
 address = {NY, USA},
 keywords = {aggregate queries, matrix factorization, personalized recommendation, web-mining},
}

@inproceedings{Allan:1998:ONE:290941.290954,
 author = {Allan, James and Papka, Ron and Lavrenko, Victor},
 title = {On-line new event detection and tracking},
 series = {SIGIR '98},
 year = {1998},
 isbn = {1-58113-015-5},
 location = {Melbourne, Australia},
 pages = {37--45},
 numpages = {9},
 url = {http://doi.acm.org/10.1145/290941.290954},
 doi = {10.1145/290941.290954},
 acmid = {290954},
 publisher = {ACM},
 address = {New York, NY, USA},
}


@inproceedings{Kumaran:2004:TCN:1008992.1009044,
 author = {Kumaran, Giridhar and Allan, James},
 title = {Text classification and named entities for new event detection},
 series = {SIGIR '04},
 year = {2004},
 isbn = {1-58113-881-4},
 location = {Sheffield, United Kingdom},
 pages = {297--304},
 numpages = {8},
 url = {http://doi.acm.org/10.1145/1008992.1009044},
 doi = {10.1145/1008992.1009044},
 acmid = {1009044},
 publisher = {ACM},
 address = {New York, NY, USA},
 keywords = {named entities, new event detection, text classification, topic detection and tracking},
}

@inproceedings{Becker:2010:LSM:1718487.1718524,
 author = {Becker, Hila and Naaman, Mor and Gravano, Luis},
 title = {Learning similarity metrics for event identification in social media},
 series = {WSDM '10},
 year = {2010},
 isbn = {978-1-60558-889-6},
 location = {New York, New York, USA},
 pages = {291--300},
 numpages = {10},
 url = {http://doi.acm.org/10.1145/1718487.1718524},
 doi = {10.1145/1718487.1718524},
 acmid = {1718524},
 publisher = {ACM},
 address = {New York, NY, USA},
 keywords = {event identification, similarity metric learning, social media},
}

@inproceedings{Hu:2012:BNT:2208636.2208672,
 author = {Hu, Mengdie and Liu, Shixia and Wei, Furu and Wu, Yingcai and Stasko, John and Ma, Kwan-Liu},
 title = {Breaking news on twitter},
 series = {CHI '12},
 year = {2012},
 isbn = {978-1-4503-1015-4},
 location = {Austin, Texas, USA},
 pages = {2751--2754},
 numpages = {4},
 url = {http://doi.acm.org/10.1145/2208636.2208672},
 doi = {10.1145/2208636.2208672},
 acmid = {2208672},
 publisher = {ACM},
 address = {New York, NY, USA},
 keywords = {breaking news, opinion leaders, social media, twitter},
}

@inproceedings{Gupta:2012:ICU:2390131.2390142,
 author = {Gupta, Aditi and Joshi, Anupam and Kumaraguru, Ponnurangam},
 title = {Identifying and characterizing user communities on Twitter during crisis events},
 series = {DUBMMSM '12},
 year = {2012},
 isbn = {978-1-4503-1707-8},
 location = {Maui, Hawaii, USA},
 pages = {23--26},
 numpages = {4},
 url = {http://doi.acm.org/10.1145/2390131.2390142},
 doi = {10.1145/2390131.2390142},
 acmid = {2390142},
 publisher = {ACM},
 address = {New York, NY, USA},
 keywords = {community detection, crisis events, online social media},
}

@inproceedings{Kwak:2010:TSN:1772690.1772751,
 author = {Kwak, Haewoon and Lee, Changhyun and Park, Hosung and Moon, Sue},
 title = {What is Twitter, a social network or a news media?},
 series = {WWW '10},
 year = {2010},
 isbn = {978-1-60558-799-8},
 location = {Raleigh, North Carolina, USA},
 pages = {591--600},
 numpages = {10},
 url = {http://doi.acm.org/10.1145/1772690.1772751},
 doi = {10.1145/1772690.1772751},
 acmid = {1772751},
 publisher = {ACM},
 address = {New York, NY, USA},
 keywords = {Twitter, degree of separation, homophily, influential, information diffusion, online social network, pagerank, reciprocity, retweet},
}

@inproceedings{DBLP:conf/sigir/LiWHYDSL12,
  author    = {Chenliang Li and
               Jianshu Weng and
               Qi He and
               Yuxia Yao and
               Anwitaman Datta and
               Aixin Sun and
               Bu-Sung Lee},
  title     = {TwiNER: named entity recognition in targeted twitter stream},
  booktitle = {SIGIR},
  year      = {2012},
  pages     = {721-730},
  ee        = {http://doi.acm.org/10.1145/2348283.2348380},
  crossref  = {DBLP:conf/sigir/2012},
  bibsource = {DBLP, http://dblp.uni-trier.de}
}

@inproceedings{conf/wsdm/KotovZS11,
  added-at = {2011-01-31T00:00:00.000+0100},
  author = {Kotov, Alexander and Zhai, ChengXiang and Sproat, Richard},
  biburl = {http://www.bibsonomy.org/bibtex/2a303ea08f1cfb8bd78ad9f5420667511/dblp},
  booktitle = {WSDM},
  crossref = {conf/wsdm/2011},
  editor = {King, Irwin and Nejdl, Wolfgang and Li, Hang},
  ee = {http://doi.acm.org/10.1145/1935826.1935870},
  interhash = {de9531483a79f22a41462402076c3a95},
  intrahash = {a303ea08f1cfb8bd78ad9f5420667511},
  isbn = {978-1-4503-0493-1},
  keywords = {dblp},
  pages = {237-246},
  publisher = {ACM},
  timestamp = {2011-01-31T00:00:00.000+0100},
  title = {Mining named entities with temporally correlated bursts from multilingual web news streams.},
  year = 2011
}

@article{Pukelsheim94,
     jstor_articletype = {research-article},
     title = {The Three Sigma Rule},
     author = {Pukelsheim, Friedrich},
     journal = {The American Statistician},
     jstor_issuetitle = {},
     volume = {48},
     number = {2},
     jstor_formatteddate = {May, 1994},
     pages = {pp. 88-91},
     url = {http://www.jstor.org/stable/2684253},
     ISSN = {00031305},
     abstract = {For random variables with a unimodal Lebesgue density, the 3σ rule is proved by elementary calculus. It emerges as a special case of the Vysochanskiĭ-Petunin inequality, which in turn is based on the Gauss inequality.},
     language = {English},
     year = {1994},
     publisher = {American Statistical Association},
     copyright = {Copyright © 1994 American Statistical Association},
    }

@article{weng2011event,
  title={Event detection in twitter},
  author={Weng, J. and Lee, B.S.},
  year={2011}
}

@inproceedings{Blumenstock:2008:SMW:1367497.1367673,
 author = {Blumenstock, Joshua E.},
 title = {Size matters: word count as a measure of quality on wikipedia},
 booktitle = {Proceedings of the 17th international conference on World Wide Web},
 series = {WWW '08},
 year = {2008},
 isbn = {978-1-60558-085-2},
 location = {Beijing, China},
 pages = {1095--1096},
 numpages = {2},
 url = {http://doi.acm.org/10.1145/1367497.1367673},
 doi = {10.1145/1367497.1367673},
 acmid = {1367673},
 publisher = {ACM},
 address = {New York, NY, USA},
 keywords = {information quality, wikipedia, word count},
}

@article{Buckley:2007:BLP:1298708.1298735,
 author = {Buckley, Chris and Dimmick, Darrin and Soboroff, Ian and Voorhees, Ellen},
 title = {Bias and the limits of pooling for large collections},
 journal = {Inf. Retr.},
 issue_date = {December  2007},
 volume = {10},
 number = {6},
 month = dec,
 year = {2007},
 issn = {1386-4564},
 pages = {491--508},
 numpages = {18},
 url = {http://dx.doi.org/10.1007/s10791-007-9032-x},
 doi = {10.1007/s10791-007-9032-x},
 acmid = {1298735},
 publisher = {Kluwer Academic Publishers},
 address = {Hingham, MA, USA},
 keywords = {Pooling, Sampling bias, Test collections},
}

@inproceedings{benevenuto2010detecting,
  title={Detecting spammers on twitter},
  author={Benevenuto, Fabr{\i}cio and Magno, Gabriel and Rodrigues, Tiago and Almeida, Virg{\i}lio},
  booktitle={Collaboration, electronic messaging, anti-abuse and spam conference (CEAS)},
  volume={6},
  year={2010}
}

@inproceedings{Zobel:1998:RRL:290941.291014,
 author = {Zobel, Justin},
 title = {How reliable are the results of large-scale information retrieval experiments?},
 booktitle = {Proceedings of the 21st annual international ACM SIGIR conference on Research and development in information retrieval},
 series = {SIGIR '98},
 year = {1998},
 isbn = {1-58113-015-5},
 location = {Melbourne, Australia},
 pages = {307--314},
 numpages = {8},
 url = {http://doi.acm.org/10.1145/290941.291014},
 doi = {10.1145/290941.291014},
 acmid = {291014},
 publisher = {ACM},
 address = {New York, NY, USA},
}

@article{Alonso:2008:CRE:1480506.1480508,
 author = {Alonso, Omar and Rose, Daniel E. and Stewart, Benjamin},
 title = {Crowdsourcing for relevance evaluation},
 journal = {SIGIR Forum},
 issue_date = {December 2008},
 volume = {42},
 number = {2},
 month = nov,
 year = {2008},
 issn = {0163-5840},
 pages = {9--15},
 numpages = {7},
 url = {http://doi.acm.org/10.1145/1480506.1480508},
 doi = {10.1145/1480506.1480508},
 acmid = {1480508},
 publisher = {ACM},
 address = {New York, NY, USA},
}